<record><leader>00000cas a22000007a 4500</leader><controlfield tag="001">11434279</controlfield><controlfield tag="008">841129d19831985iduwr ne      0   a0eng d</controlfield><datafield ind1=" " ind2=" " tag="010"><subfield code="a">sn 84001988 </subfield></datafield><datafield ind1=" " ind2=" " tag="040"><subfield code="a">NSD</subfield><subfield code="b">eng</subfield><subfield code="c">NSD</subfield><subfield code="d">NVB</subfield><subfield code="d">NSD</subfield><subfield code="d">OCLCQ</subfield><subfield code="d">ONB</subfield><subfield code="d">OCLCO</subfield><subfield code="d">OCLCF</subfield></datafield><datafield ind1=" " ind2=" " tag="012"><subfield code="m">1</subfield></datafield><datafield ind1="1" ind2=" " tag="022"><subfield code="a">8750-4944</subfield><subfield code="l">8750-4944</subfield><subfield code="2">1</subfield></datafield><datafield ind1="1" ind2=" " tag="029"><subfield code="a">AU@</subfield><subfield code="b">000025836108</subfield></datafield><datafield ind1=" " ind2=" " tag="032"><subfield code="a">730710</subfield><subfield code="b">USPS</subfield></datafield><datafield ind1=" " ind2=" " tag="037"><subfield code="b">Southern Idaho Magazine &amp; Weekly News, P.O. Box 146, Malad, ID 83252</subfield></datafield><datafield ind1=" " ind2=" " tag="042"><subfield code="a">nsdp</subfield></datafield><datafield ind1=" " ind2="4" tag="222"><subfield code="a">The Southern Idaho magazine &amp; weekly news</subfield></datafield><datafield ind1="0" ind2="4" tag="245"><subfield code="a">The Southern Idaho magazine &amp; weekly news.</subfield></datafield><datafield ind1="0" ind2="0" tag="246"><subfield code="a">Southern Idaho magazine and weekly news</subfield></datafield><datafield ind1=" " ind2=" " tag="260"><subfield code="a">Malad, Idaho :</subfield><subfield code="b">s.n.,</subfield></datafield><datafield ind1=" " ind2=" " tag="310"><subfield code="a">Weekly</subfield></datafield><datafield ind1="0" ind2=" " tag="362"><subfield code="a">Vol. 2, no. 1 (July 20, 1983)-v. 4, no. 7 (Feb. 13, 1985).</subfield></datafield><datafield ind1=" " ind2="0" tag="651"><subfield code="a">Malad City (Idaho)</subfield><subfield code="x">Newspapers.</subfield></datafield><datafield ind1=" " ind2="7" tag="655"><subfield code="a">Newspapers.</subfield><subfield code="2">fast</subfield><subfield code="0">(OCoLC)fst01423814</subfield></datafield><datafield ind1=" " ind2="7" tag="651"><subfield code="a">Idaho</subfield><subfield code="z">Malad City.</subfield><subfield code="2">fast</subfield><subfield code="0">(OCoLC)fst01291234</subfield></datafield><datafield ind1=" " ind2=" " tag="752"><subfield code="a">United States</subfield><subfield code="b">Idaho</subfield><subfield code="c">Oneida</subfield><subfield code="d">Malad City.</subfield></datafield><datafield ind1="0" ind2="0" tag="780"><subfield code="t">Southern Idaho magazine</subfield><subfield code="w">(DLC)sn 89055282</subfield></datafield><datafield ind1=" " ind2=" " tag="936"><subfield code="a">Nov. 7, 1984</subfield></datafield></record>